
 Notas Imporantes:
% Poner una diagonal investida antes de los siguientes caracteres: #, $, %, ^, &, {, }, ~, [, ], <, >, _
% Caso Particuloar: Diagonal Invertida (\) sustituit por (\textbackslash) y dejar un espacio


% U1 Individual
 Misc{calculadora,
	author = {Calculator.net},
	title = {Age Calculator},
	howpublished = "\url{https://www.calculator.net/age-calculator.html?today=02%2F08%2F2003&ageat=02%2F08%2F2004&x=Calculate}",
    note = "Consultado el \today"   }

% U1 team
@Misc{congreso_video,
  Author = {{Congreso Argentino de Sistemas Embebidos}},
  Title = {Punto Flotante Explicado: Conversión de Números a Formato de Punto Flotante},
  Howpublished = "\url{https://www.youtube.com/watch?v=MXDmYxSky6U}",
  Note = "Consultado el \today",
  Year = {2024},
 }

% U2 Individual
@Misc{parabola,
  Author = {{Michael Borcherds}},
  Title = {Demo: White border around the edge},
  Howpublished = "\url{https://www.geogebra.org/m/NpFST2An#material/A71fBM86}",
  Note = "Consultado el \today",
  Year = {2024},
}

% U3 Individual
@misc{itextpdf,
  author = {iText Software},
  title = {iText Core},
  year = {2024},
  url = {https://itextpdf.com/products/itext-core},
  note = {Último acceso: 20 de noviembre de 2024}
}

@misc{androidstudio,
  author = {Google Developers},
  title = {Introducción a Android Studio},
  year = {2024},
  url = {https://developer.android.com/studio/intro?hl=es-419},
  note = {Último acceso: 20 de noviembre de 2024}
}

@misc{milenio,
  author = {Milenio},
  title = {Origen y evolución de la sopa de letras},
  year = {2024},
  url = {https://www.milenio.com/virales/pasatiempos/origen-sopa-letras-podras-jugar-entrenamentes},
  note = {Último acceso: 20 de noviembre de 2024}
}

@misc{lanacion,
  author = {Cintia Perazo},
  title = {Los beneficios que hacer sopas de letras tiene para la salud},
  year = {2024},
  url = {https://www.lanacion.com.ar/juegos/trucos-y-consejos/los-beneficios-que-hacer-sopas-de-letras-tiene-para-la-salud-nid30052024/},
  note = {Último acceso: 20 de noviembre de 2024}
}



